
ENTRENAMIENTO AUDITIVO
@article{entrenamientoAutitivo0,
  author       = {Joan},
  title        = {Entrena tus oídos},
  journal      = {LANDR},
  url = {https://blog.landr.com/es/entrena-tus-oidos-las-8-mejores-aplicaciones-para-mejorar-tus-habilidades-de-escucha/},
  Year         = {2018},
}
@misc{entrenamientoAutitivo1,
  author       = {Katherine Raymond},
  title        = {Teoría del aprendizaje musical (Music Learning Theory)},
  url = {https://oidomusical.com/music-learning-theory-teoria-del-aprendizaje-musical/},
  Year         = {2017},
}

@misc{entrenamientoAutitivo2,
  author       = {Katherine Raymond},
  title        = {Oído Musical},
  url = {https://oidomusical.com/category/el-oido-musical/},
  Year         = {2015},

}
@misc{entrenamientoAutitivo3,
  author       = {Juan David Lopera},
  title        = {Introducción al Entrenamiento Auditivo},
  url ={https://www.ladomicilio.com/es/cursos-de-musica/entrenamiento-auditivo/introduccion-entrenamiento-auditivo},
  Year         = {2014},
}

@misc{oidoAbsRel,
  author       = {Conxa Trallero Flix},
  title        = {El Oído Musical},
  url = {http://diposit.ub.edu/dspace/bitstream/2445/11525/1/EL%20OIDO%20MUSICAL.pdf}
}

ESTADO DEL ARTE
https://www.tonegym.co/
https://www.tonegym.co/user/registration
https://www.tonegym.co/exercise/intervals

https://tonedear.com/
https://tonedear.com/ear-training/intervals

https://www.earmaster.com/es/
https://www.earmaster.com/es/shop.html
REACT
@manual{reactHooks,
  author       = {React},
  title        = {Presentando Hooks},
  url = {https://es.reactjs.org/docs/hooks-intro.html}
}

@manual{webdev,
  author       = {Google},
  title        = {Web Vitals},
  url = {https://web.dev/vitals/}
}

@manual{w3,
  author = {Grupo de Trabajo de Rendimiento Web},
  title = {Application Performance of User Agent Features and APIs},
  url = {https://www.w3.org/webperf/}
}

@manual{Oetiker2007,
  author = {Oetiker, Tobias and Partl, Hubert and Hyna, Irene and Schlegl, Elisabeth},
  keywords = {documentation latex reference typesetting},
  month = {June},
  note = {Version 4.22},
  title = {The Not So Short Introduction to LaTeX},
  url = {http://tobi.oetiker.ch/lshort/lshort.pdf},
  year = 2007
}

@Article{mitchell,
  title={Social networks},
  author={Mitchell, J Clyde},
  journal={Annual review of anthropology},
  volume={3},
  number={1},
  pages={279--299},
  year={1974},
  publisher={Annual Reviews 4139 El Camino Way, PO Box 10139, Palo Alto, CA 94303-0139, USA}
}

@inproceedings{fortune,
  title={Efficient exact arithmetic for computational geometry},
  author={Fortune, Steven and Van Wyk, Christopher J},
  booktitle={Proceedings of the Ninth Annual Symposium on Computational Geometry},
  pages={163--172},
  year={1993}
}

@Article{fortuneB,
  title={Voronoi diagrams and Delaunay triangulations},
  author={Fortune, Steven},
  journal={Computing in Euclidean geometry},
  pages={225--265},
  year={1995},
  publisher={World Scientific}
}

@Book{giaquinta,
  title={Calculus of variations II},
  author={Giaquinta, Mariano and Hildebrandt, Stefan},
  volume={311},
  year={2013},
  publisher={Springer Science and Business Media}
}

@Book{morrey,
  title={Multiple integrals in the calculus of variations},
  author={Morrey Jr, Charles Bradfield},
  year={2009},
  publisher={Springer Science and Business Media}
}

@Comment{jabref-meta: databaseType:bibtex;}
